2107 3631
39 956 50 988 j,
82 946 119 980 δι
138 944 196 979 alii
210 942 256 978 ad
274 940 437 983 facinus,
452 939 552 974 inter
568 948 666 985 quos
682 935 831 973 Pichius
849 936 1027 978 Adimar,
1048 934 1086 970 ὃ(
1107 932 1274 970 Marinus
1290 932 1445 969 Riccius
1465 929 1587 974 fuere,
1604 944 1677 969 nec
1695 932 1743 968 de
1782 942 1785 946 “

447 171 703 210 LIBER
810 165 1352 211 UNDECIMUS.
1666 177 1720 209 233

60 254 106 282 ac
119 237 469 293 periculosissimum
483 238 688 287 gerebatur
704 235 850 273 bellum
866 264 876 279 ,
893 234 1063 271 hostibus
1087 235 1250 281 quidem
1274 233 1517 270 Florentinos
1541 232 1579 269 δε
1600 231 1727 269 Arcti·
1750 244 1905 273 Maximu-
1926 244 1996 273 ειη

63 310 135 336 nos
152 297 188 332 ὅ(
210 292 397 330 Lucenses
419 292 672 329 vehementer
686 288 1209 325 infestantibus:Florentinis
1228 286 1323 323 vero
1338 288 1397 323 vel
1408 299 1512 335 pares
1529 287 1590 322 vel
1608 287 1727 330 majo-
1750 289 1977 321 perannum,

66 364 124 389 res
138 352 176 387 in
194 346 375 385 Senenses
392 348 428 383 ὃ(
448 345 595 382 Pisanos
621 343 874 380 referentibus
898 341 1036 380 clades,
1092 340 1162 377 Per
1178 339 1259 376 haec
1277 340 1348 388 ipsa
1370 350 1541 389 tempora
1559 352 1648 377 cum
1664 351 1731 375 ex-

70 416 126 442 tra
140 399 304 440 maxime
318 400 480 437 ferveret
498 400 660 441 bellum,
675 397 795 444 gravis
813 396 850 431 δε
867 393 1085 431 horrendus
1104 394 1203 430 intra
1221 395 1357 430 urbem
1372 392 1471 429 casus
1489 392 1733 445 emersitQuj
1756 378 1995 445 Ξῖἵῖῗζζζΐ

71 461 178 496 enim
198 458 333 503 Rcmp.
351 454 623 502 gubernabant
642 449 853 499 praestantes
868 448 1026 498 quidam
1044 448 1145 483 cives
1162 459 1245 484 non
1263 448 1400 496 pariter
1420 448 1605 483 omnibus
1626 457 1736 483 erant
1756 456 1903 491 nntium,

73 511 233 562 accepti.
251 507 574 556 Longitudobelli
588 502 849 541 &inexhausta
866 504 1100 541 tributorum
1113 501 1268 537 collatio
1286 500 1534 537 multitudine
1552 502 1738 537 urbanam

77 563 405 616 gubernatoribus
422 561 607 598 reddebar
618 557 724 594 infen
732 557 867 594 sam.Et
877 555 1097 598 accedebat,
1107 556 1212 603 quod
1226 554 1376 591 familioe
1387 554 1562 601 quaedam
1575 553 1739 601 inlignes

78 618 252 667 sul'pee‘tae
268 629 310 653 ac
327 616 474 660 reicerae
490 614 510 650 a
528 615 621 661 ch.
636 623 715 648 non
738 607 823 648 satis
841 622 951 659 aequo
974 611 1108 646 animo
1122 609 1158 645 id
1180 609 1277 645 ferre
1301 609 1542 657 putabantur.
1600 608 1639 642 ln
1661 607 1740 643 hoc

77 674 168 712 statu
185 682 311 710 rerum
331 671 488 713 juvenes
505 667 664 716 quidam
680 678 724 702 ex
737 665 934 715 praecipuis
950 664 1101 700 familiis
1118 662 1444 711 conspiraverunt.
1472 661 1629 697 Initium
1646 672 1740 697 con-

80 726 288 778 spirationis
306 723 490 760 b‘ononiae
505 721 588 757 fuit.
642 720 698 757 Ibi
713 719 819 756 enim
834 717 1066 755 Benedictus
1082 718 1197 766 Spina
1218 718 1254 753 ὅ(
1277 715 1511 753 Bastardinus
1535 715 1666 752 Medix
1683 715 1741 761 ju·
1853 751 1856 756 ,
1961 753 1965 758 ,

79 792 199 818 venes
220 780 402 821 audaces,
415 789 458 813 ac
475 788 563 812 man
572 788 593 811 u
612 774 770 822 promti,
783 784 951 821 quorum
967 781 1128 819 uterque
1143 772 1196 807 ob
1218 771 1361 807 caedem
1380 770 1576 806 Florentia:
1593 769 1741 806 dudum
1759 751 2013 830 &aegra-{²13⁶

76 835 214 874 fat-,tam
236 832 429 873 exulabat,
449 826 612 878 requiliti
628 837 743 877 atque
757 828 878 876 togati
900 825 919 862 ὲ
934 827 1082 862 Barone
1100 825 1349 873 Hieronymi,
1369 833 1408 859 ut
1424 823 1487 859 libi
1510 821 1679 860 adess'ent
1693 823 1739 860 ad
1760 832 1818 860 dax.

81 885 227 928 caedc'm
241 886 388 923 inimici
404 912 413 927 ,
431 895 548 933 quam
565 882 687 920 facere
702 882 915 929 cogitabat,
932 881 968 930 ei
997 877 1274 916 concess'erunt.
1331 876 1480 914 Adsciri
1510 876 1594 914 sunt
1619 877 1744 927 postea
1761 875 1830 899 Bm
1840 870 2005 909 ⁸¹¹⁷⁶¹1¹⁰³·

1725 984 1733 993 x
1763 965 1866 993 Picbiua
1875 966 1998 996 Adiman-

82 999 194 1034 unius
210 991 355 1036 inodo,
370 992 430 1029 sed
448 992 496 1029 de
513 992 679 1041 plurium
693 989 795 1026 caede
813 990 1039 1037 cogitatum.
1095 986 1366 1035 Crescensque
1382 987 1566 1036 paulatim
1589 985 1670 1035 spes
1694 997 1745 1022 eo
1764 1005 2002 1045 Most-nummu.

79 1051 274 1102 perduxit,
292 1053 333 1085 u't
349 1048 583 1095 cogitarent,
602 1045 861 1080 mutationem
875 1043 986 1079 status
1003 1043 1115 1091 Reip.
1133 1053 1176 1077 ex
1189 1041 1289 1077 fasto
1305 1040 1373 1078 suo
1392 1039 1499 1089 sequi
1518 1040 1747 1077 deberezid-

86 1105 163 1154 due
185 1105 367 1151 deinceps
391 1100 562 1137 meditati
588 1098 684 1135 sunt.
741 1098 787 1134 Et
807 1095 992 1134 accessisse
1014 1096 1183 1133 creditur
1203 1096 1358 1139 majoris
1380 1096 1594 1132 autoritatis
1617 1095 1747 1133 homi·

81 1171 178 1197 num
194 1155 394 1195 conlenl'us
414 1156 451 1190 ὃ(
466 1164 592 1202 opera.
650 1149 884 1202 Compositis
902 1150 1060 1188 tandem
1077 1151 1192 1189 rebus
1213 1150 1441 1186 Florentiam
1457 1149 1576 1187 nostu
1592 1159 1748 1200 propter

82 1226 169 1257 eos,
186 1215 251 1261 qui
269 1211 470 1248 exulabant
485 1236 494 1251 ,
516 1204 764 1244 accesserunt.
819 1202 1054 1255 Ingreffique
1076 1216 1144 1254 per
1165 1203 1319 1240 Arnum
1341 1204 1382 1240 in
1404 1203 1566 1241 aediculis
1588 1204 1747 1253 quibus-

79 1269 166 1305 dam
184 1266 322 1315 recepti
339 1263 587 1300 delituerunt.
647 1260 882 1297 Prodeuntes
906 1259 1052 1296 deinde
1078 1255 1189 1297 tertia
1210 1258 1271 1295 die
1292 1257 1375 1307 post
1395 1258 1601 1295 meridiem
1622 1256 1751 1308 palam

78 1322 239 1365 armati,
254 1332 296 1357 ac
321 1318 395 1355 tela
418 1315 594 1353 manibus
618 1324 795 1365 gerentes
811 1314 858 1352 ad
880 1313 1026 1350 caedem
1050 1312 1275 1362 patrandam
1296 1312 1457 1362 profesti
1481 1312 1580 1349 sunt.
1635 1314 1752 1350 Erant

79 1374 177 1412 vere>
195 1376 354 1419 juvenes
369 1370 470 1408 octo.
526 1370 683 1406 Initium
699 1369 811 1406 caedis
828 1368 950 1405 facere
966 1367 1244 1404 constituerant
1261 1365 1281 1403 a
1295 1366 1499 1416 splendido
1514 1367 1645 1415 equite
1665 1367 1751 1405 Ma-

79 1429 122 1466 so
136 1428 304 1469 Albitio.
321 1424 364 1464 ea
380 1424 601 1473 tempestate
626 1434 774 1473 magno
794 1424 904 1466 viro,
925 1423 963 1458 ἕξ
982 1422 1022 1458 in
1044 1423 1140 1471 Rep.
1156 1421 1371 1458 admodum
1392 1430 1569 1470 potente.
1624 1421 1694 1458 lllo
1710 1433 1749 1459 e-

77 1486 164 1523 nim
186 1481 388 1520 interfecto
410 1479 623 1516 faciliorem
649 1476 717 1516 fibi
743 1478 844 1516 viam
866 1476 1129 1514 existimabant
1144 1476 1226 1513 fore
1242 1504 1251 1519 ,
1267 1475 1312 1512 ad
1328 1484 1460 1512 caetera
1474 1503 1485 1518 ‚
1501 1486 1585 1524 quae
1606 1478 1752 1525 cogita-

80 1547 216 1576 verant
238 1552 255 1583 ,2
274 1534 466 1574 obeunda.
521 1532 595 1570 Sed
617 1531 743 1570 Masus
775 1531 797 1568 ὲ
824 1530 1057 1582 speculatore
1078 1531 1233 1567 illorum
1261 1529 1487 1568 observatus
1508 1528 1625 1579 paulo
1644 1529 1753 1578 ante,

80 1594 198 1643 quam
212 1593 267 1629 illi
283 1589 587 1640 supervenirent,
600 1584 741 1625 inscius
754 1587 937 1624 omnium
953 1582 1051 1622 forte
1065 1584 1260 1623 Iecess‘erat
1274 1586 1314 1622 in
1330 1588 1545 1635 proximam
1570 1587 1752 1623 aromati.

79 1660 166 1685 cam
188 1647 400 1684 tabernam.
456 1648 588 1691 Atque
610 1642 663 1679 ita
684 1640 771 1680 casu
787 1640 960 1690 quodam
976 1638 1140 1677 servatus
1160 1638 1219 1676 est.
1272 1639 1330 1676 llli
1355 1640 1458 1676 enirn
1481 1640 1680 1677 venientes
1703 1640 1754 1679 ad
1781 1655 1784 1658 ⁴

79 1704 232 1746 locum,
251 1700 317 1738 ubi
334 1697 548 1748 speculator
562 1708 653 1734 eum
668 1696 885 1746 reliquerat,
902 1692 993 1731 curn
1011 1693 1216 1731 hominem
1232 1705 1315 1731 non
1332 1692 1520 1736 viderent,
1532 1692 1752 1736 nihilcom-

81 1759 221 1794 morati
239 1753 510 1805 praeterierunt.
563 1750 726 1789 Profesti
742 1749 884 1788 deinde
901 1750 941 1786 in
956 1748 1086 1785 forum
1103 1759 1212 1786 vetus
1228 1777 1239 1793 ,
1254 1760 1298 1786 ac
1319 1748 1616 1785 multitudinem
1638 1747 1752 1798 opifi-

81 1823 174 1849 cum
187 1809 235 1847 ad
249 1819 354 1846 arma
368 1805 560 1845 cohortati
573 1805 670 1844 duos
688 1817 732 1843 ex
747 1803 891 1843 diversa
905 1802 1071 1840 factione
1088 1802 1271 1840 homines
1286 1800 1354 1840 fibi
1376 1802 1534 1840 obviam
1556 1801 1674 1840 fastos
1689 1804 1751 1841 in-

83 1864 328 1903 terfecerunt.
385 1860 461 1899 Sed
476 1858 569 1898 cum
586 1859 799 1898 multitudo
814 1859 863 1896 ad
877 1869 945 1896 eos
959 1857 1140 1896 visendos
1156 1865 1420 1902 concurreret,
1436 1857 1530 1894 nulli
1546 1866 1677 1894 tamen
1692 1869 1751 1896 at-

83 1932 147 1959 ma
160 1920 357 1957 sumerent
372 1926 469 1961 ,nec
481 1913 517 1952 se
538 1915 610 1952 illis
631 1915 944 1963 conjungerent,
970 1911 1073 1949 abire
1098 1911 1386 1949 constituerunt.
1443 1910 1606 1949 Profeeti
1629 1913 1753 1962 usque

79 1972 199 2028 prope
216 1973 264 2010 acl
281 1973 489 2009 Servorum
505 1969 713 2019 templum,
728 1979 773 2007 ac
782 1966 1029 2019 postmodum
1044 1964 1130 2004 data
1143 1965 1206 2016 spe
1221 1966 1408 2010 revocati,
1423 1966 1583 2003 tandem
1596 1967 1638 2004 in
1652 1967 1751 2005 aedes
1902 2002 1903 2005 ,

83 2030 198 2068 sicr-as
215 2030 411 2076 Reparatae
426 2023 460 2062 se
476 2022 726 2061 incluserunt.
781 2023 835 2060 lbi
852 2022 1013 2060 demum
1027 2020 1186 2063 obsessi,
1202 2033 1246 2058 ac
1262 2020 1423 2058 tandem
1438 2021 1538 2070 capti
1555 2020 1659 2063 sunt,
1681 2021 1749 2059 de·
1768 2043 1887 2069 mm„
1909 2040 2005 2083 ΜΕ,-

85 2086 163 2134 qne
180 2084 252 2120 illis
269 2080 497 2131 supplicium
511 2077 563 2116 est
578 2076 749 2116 sumtum
773 2089 781 2112 :
805 2075 1003 2125 Civesque
1017 2075 1136 2124 aliqui
1151 2086 1288 2113 eorum
1303 2073 1603 2113 confessionibus
1624 2076 1748 2114 deno-
1767 2087 1861 2110 unm
1873 2078 1994 2125 αφά*

1768 1406 1863 1448 Mas«
1869 1409 1998 1445 Aluan,

19 2138 21 2140 ’
82 2141 153 2177 tari
167 2151 213 2176 ex
228 2137 322 2174 urbe
340 2133 591 2182 aufugerunt,
607 2129 869 2180 absentesque
884 2130 1058 2168 damnati
1077 2131 1176 2167 sunt.
1769 2129 1987 2164 tamam-m·

193 2190 372 2239 Psospera
386 2187 468 2239 post
491 2187 573 2224 haec
594 2187 641 2224 de
666 2187 773 2225 bello
791 2186 1010 2222 Mantuano
1031 2185 1224 2222 nunciata.
1280 2182 1473 2222 Adventu
1494 2184 1602 2222 enim
1625 2183 1755 2224 Caroli
1771 2162 1979 2200 &enm-m.

27 2255 32 2259 “
85 2246 286 2286 Malatcstae
295 2255 385 2282 cum
401 2241 640 2280 auxiliaribus
657 2243 798 2291 copiis,
815 2238 970 2277 vistoria
985 2248 1088 2288 parta
1103 2238 1171 2283 est,
1189 2236 1358 2275 hostibus
1373 2236 1473 2287 aqua
1493 2236 1673 2288 terraque
1694 2238 1754 2278 fu-

89 2303 194 2352 gatis.
251 2299 374 2348 Capta
390 2295 557 2334 hostium
575 2294 703 2340 casira,
718 2296 896 2344 equitum
912 2294 1062 2331 circiter
1078 2293 1160 2331 duo
1176 2293 1297 2329 millia
1308 2294 1348 2329 in
1365 2293 1525 2342 captivis
1540 2293 1665 2331 relata.
1674 2294 1754 2332 Na-

93 2357 191 2405 vigia
205 2351 301 2392 vero
315 2353 446 2389 omnis
460 2350 616 2400 generis
634 2353 741 2400 supra
757 2357 918 2386 centum
935 2348 1095 2396 viginti,
1110 2348 1152 2385 in
1166 2358 1301 2384 manus
1315 2357 1453 2384 eorum
1463 2374 1472 2390 ,
1489 2347 1557 2396 qui
1571 2348 1759 2395 vicerant,

91 2410 344 2448 devenerunt.
397 2406 478 2443 Hac
491 2406 608 2454 igitur
621 2401 809 2454 perculsus
824 2398 932 2453 plagi
945 2399 1412 2446 Mediolanenfis,militiae
1427 2401 1582 2438 Ducem
1599 2401 1754 2440 Alberi-

91 2475 183 2502 cum
197 2474 241 2499 cx
255 2461 431 2499 Hetruria
444 2460 642 2498 revocavit
656 2486 667 2504 ‚
684 2468 726 2496 ut
741 2456 985 2495 confirmaret
1004 2456 1088 2494 suos
1103 2455 1259 2493 adverso
1282 2455 1412 2505 praelio
1432 2457 1662 2493 conterritos
1676 2485 1689 2500 ‚
1711 2468 1758 2496 ac

91 2518 187 2556 novi
202 2515 318 2553 Ducis
333 2511 609 2562 novorumq'ue
624 2513 791 2550 militum
807 2511 981 2549 adventu
995 2511 1166 2559 erigeret.
1223 2509 1410 2546 Abeunte
1425 2510 1541 2559 igitur
1557 2522 1603 2547 ex
1616 2511 1758 2549 Hetru-

91 2574 145 2611 ria
157 2570 359 2612 alberico,
371 2571 410 2606 &
425 2567 534 2606 suum
551 2568 768 2617 equitatum
785 2565 1024 2609 abducente,
1040 2564 1253 2601 Florentini
1271 2563 1479 2613 superiores
1493 2562 1635 2606 effe-sti,
1647 2564 1759 2604 castra

90 2638 161 2678 per
177 2624 307 2662 hostile
323 2621 446 2660 solum
461 2621 616 2672 posthae
630 2621 840 2664 faciebant,
855 2631 897 2657 ac
913 2619 1062 2657 Pitanos
1082 2615 1211 2669 primo
1226 2617 1346 2667 usque
1361 2617 1409 2655 ad
1428 2619 1575 2655 moenia
1596 2620 1758 2669 popula-

91 2683 123 2718 ti
139 2679 224 2717 sunt
241 2692 250 2715 ;
274 2676 430 2715 Deinde
454 2676 630 2714 tradutCto
654 2676 695 2712 in
718 2673 908 2712 Senenscs
929 2676 1098 2711 exercitu
1112 2700 1124 2717 ‚
1141 2671 1309 2710 vastitate
1329 2670 1604 2721 incendiisque
1624 2675 1762 2711 omnia

37 2735 41 2738 ’
67 2726 69 2729 ’
92 2734 357 2776 foedaverunt,
371 2731 425 2768 ob
438 2724 651 2768 vindifflun
671 2729 944 2767 incendiorum
958 2739 1024 2778 per
1045 2727 1319 2768 Florentinum
1339 2737 1473 2775 agrum
1496 2737 1620 2777 nuper
1641 2727 1758 2765 fasto-
1773 2725 2012 2791 maianis-tiſsi·

97 2798 194 2830 rum,
220 2788 222 2790 ’
249 2786 352 2823 Cum
370 2783 554 2834 prospera:
566 2785 608 2820 in
624 2785 800 2821 Hetruria
815 2795 873 2820 res
888 2781 1028 2826 essent,
1043 2794 1085 2819 in
1102 2781 1225 2818 Gallia
1246 2781 1421 2819 converti
1442 2780 1567 2818 rursus
1590 2781 1628 2818 ὃς
1648 2782 1754 2819 labo-
1772 2802 1829 2827 nos,

97 2852 179 2877 tare
195 2840 409 2889 coeperunt.
468 2840 546 2890 Q¹
562 2839 671 2874 enim
689 2837 791 2887 apud
805 2837 1007 2874 Mantuam
1022 2847 1146 2884 nuper
1161 2835 1332 2873 vicerant
1346 2862 1356 2879 ,
1370 2840 1618 2883 nequaquam
1641 2834 1758 2873 visto·

94 2895 190 2932 riam
203 2892 418 2933 secutisunt
443 2906 451 2929 :
476 2889 590 2942 Qafi
605 2893 713 2928 enim
732 2900 858 2928 totum
880 2888 1130 2927 confecissent
1145 2916 1155 2932 ‚
1171 2889 1269 2940 vires
1291 2887 1371 2926 suas
1391 2888 1655 2926 dissolverunt.
1686 2890 1757 2927 Ita·
1794 2915 1796 2917 »

98 2946 175 2997 que
190 2945 312 2984 hostes
326 2942 471 2984 refecto
487 2947 654 2983 exercitu
670 2974 680 2990 ,
695 2944 941 2993 navigiisque
965 2944 1099 2992 paratis
1114 2941 1211 2980 fines
1232 2943 1542 2979 Mantuanorum
1562 2940 1662 2991 aqua
1681 2953 1755 2981 ter-

90 3000 211 3051 raque
223 2997 367 3037 'iterato
381 2997 570 3044 invasere,
588 3000 738 3037 &intra
757 3000 1021 3042 munimenta,
1038 2996 1144 3047 quod
1159 2996 1213 3033 illi
1231 2996 1446 3045 Serraglum
1460 3006 1618 3041 vocant,
1633 3009 1755 3047 pene-
1770 3030 1832 3058 Sm
1865 3025 1931 3056 tun.

90 3054 260 3099 trarunr,
279 3052 473 3104 multaque
489 3054 654 3097 castella,
671 3055 709 3091 δί
724 3052 856 3089 omnia
869 3051 1024 3100 navigia
1045 3059 1248 3101 ceperunt,
1267 3051 1364 3087 utin
1384 3060 1531 3099 magno
1551 3050 1673 3089 rursus
1687 3063 1753 3101 pe·
1804 3071 1811 3082 ‹
1832 3037 1864 3068 ἰ

90 3111 214 3148 riculo
230 3109 464 3146 Mantuanus
476 3108 779 3158 constitueretur.
837 3105 941 3143 Nam
955 3116 1085 3154 neque
1101 3104 1263 3142 Carolus
1277 3103 1470 3142 Malatesta
1484 3104 1631 3149 aderat,
1645 3107 1705 3152 cuj
1713 3118 1756 3144 us

91 3164 232 3201 virtute
247 3159 414 3200 maxime
430 3161 588 3200 vistoria
601 3173 704 3213 parta
719 3160 840 3203 fuerat
857 3171 865 3194 :
884 3170 1013 3208 neque
1036 3159 1345 3196 Florentinorum
1360 3157 1497 3195 auxilia
1511 3186 1522 3203 ‚
1536 3168 1670 3207 praeter
1687 3157 1763 3196 ad·'

91 3217 257 3254 modum
271 3227 414 3266 paucos
431 3217 588 3263 equites.
643 3217 837 3252 Triremcs
861 3210 958 3250 vero
975 3224 1020 3249 ac
1041 3221 1174 3251 caetera
1193 3212 1344 3260 navigia
1366 3213 1414 3249 de
1446 3211 1608 3249 Venetis
1631 3224 1757 3262 nuper

91 3270 282 3310 condusta
296 3269 376 3321 post
390 3268 589 3308 victoriam
609 3271 792 3310 abierant.
847 3268 981 3318 Itaque
1002 3265 1127 3306 hostes
1150 3265 1404 3357 solitus-dinem
1423 3264 1669 3306 defensorum
1688 3277 1756 3306 na·

1331 3333 1350 3372 3
1709 3330 1712 3335 .
