2142 3615
437 155 503 191 176
744 150 1074 189 HISTOR.
1184 149 1837 194 FLOR'ENTINAR.

442 224 568 252 tamen
580 225 620 253 ut
631 215 694 254 sibi
705 218 919 263 conjunc’tae
930 221 1079 257 Pisanos
1096 222 1355 270 invaderent(
1370 223 1410 260 id
1425 222 1531 259 enim
1545 221 1741 259 honestate
1756 224 1921 271 quadam
1937 222 2089 262 militati

443 274 691 319 exceperunt)
703 271 762 308 sed
775 280 815 309 ut
823 285 949 322 neque
959 276 1190 312 Florentinis
1206 287 1334 325 neque
1345 276 1513 312 Aretinis
1525 274 1831 327 obessent.Q0d
1841 276 2086 324 fialfisquffzm

446 323 584 360 Pisanis
607 325 1487 370 belluminferrentFlorentini,adessesibinon
1498 329 1728 366 recusabant.

198 405 337 433 eonium»,
351 406 427 432 »mi
551 378 616 426 Per
630 378 736 415 hunc
752 381 911 417 modum
930 393 1010 430 pars
1029 384 1192 419 maxima
1207 384 1402 432 copiarum
1427 381 1447 418 a
1470 381 1603 419 Pisanis
1623 381 1797 419 abscessit.
1842 383 1982 422 Manus
2006 393 2084 421 tan—

192 429 406 483 mgpmamsnss
442 432 649 468 tunimodo
663 434 916 481 Anglicorum
932 445 1006 471 una
1020 434 1197 472 remansit
1211 438 1309 485 apud
1325 436 1470 473 Pisanos
1486 464 1496 479 ‚
1513 447 1627 486 quam
1644 435 1839 485 Johannes
1858 438 1991 485 Augus
2014 438 2082 475 du-

191 486 389 528 m-j·=·4ss'⁶·4¹‹1›t-
442 485 565 521 (Ttaba't
582 486 594 530 ζ
609 498 652 522 ea
667 486 736 522 fuit
752 490 927 535 equitum
944 489 1092 524 circiter
1107 489 1210 525 mille
1225 490 1237 536 )
1260 490 1298 526 δε
1315 490 1429 526 Italici
1449 491 1600 538 generis
1614 489 1692 525 alia:
1709 491 1836 538 copiae.
1894 491 2078 528 FlorentI-
2099 497 2114 528 ¹.
2134 502 2137 527 a

193 530 422 590 gzimemugus
439 540 479 574 ni
496 539 636 576 interea
653 549 905 577 evocaverant
923 542 1126 578 Galeotum
1139 541 1369 578 Malatestam
1384 571 1394 586 ‚
1409 545 1531 579 virum
1548 543 1729 578 eximium
1745 554 1788 579 ac
1811 543 2078 591 peritissimum
2107 552 2115 586 ξι
2133 538 2137 587 i

192 603 317 630 (παρ-σιω
333 606 421 632 Mala.
441 593 489 628 rei
508 593 695 635 militaris,
715 591 886 641 eumdue
904 594 1057 631 Ducem
1070 607 1113 631 ae
1127 595 1412 632 moderatorem
1436 596 1540 633 bello
1561 593 1812 645 praefecerant.
1868 598 1899 634 Is
1920 595 1993 645 qua
2013 596 2077 635 die
2110 610 2114 635 ι
2132 599 2137 639 ,γ’

190 642 255 675 testa
270 644 399 673 Duxbeh‘o
437 646 664 682 Florentiam
678 646 861 694 ingressus
883 647 932 684 est
950 676 960 691 ‚
988 651 1148 697 receptis
1173 648 1221 685 de
1244 659 1352 685 more
1373 647 1486 697 signis
1501 677 1512 692 ‚
1528 647 1603 685 fine
1621 648 1692 685 ulla
1713 650 1958 687 cunctatione
1981 660 2080 688 extra
2108 667 2114 699 Ἰς

182 690 333 719 p'‘¹·'“'''‘³⁷·
438 700 573 735 urbem
591 699 723 735 detulit
746 699 801 736 via
822 698 954 737 Pisana
974 701 1020 738 ad
1040 701 1251 739 secundum
1274 699 1352 738 fere
1373 702 1551 750 lapidem.
1607 703 1662 738 lbi
1684 704 1818 740 auxilia
1839 716 1882 740 ex
1911 704 2080 742 Aretinis
2110 706 2113 726 ⁵

436 751 655 800 castet-{scine
672 754 803 790 amicis
826 754 976 803 Populis
1000 755 1216 804 exchtavit.
1270 755 1349 805 Ipse
1365 754 1461 792 vero
1485 756 1571 792 Dux
1589 768 1655 805 per
1675 754 1843 804 singulos
1862 757 1997 794 diesin
2018 770 2077 794 ur-

437 806 528 842 bem
543 805 734 854 ingressus,
748 819 831 855 quae
846 806 911 844 fibi
929 808 1057 845 forent
1069 809 1216 857 agenda
1233 817 1321 845 cum
1337 808 1527 846 Prioribus
1543 810 1684 846 civium
1698 810 1948 847 consultabat.
1972 812 2075 847 Tan-

436 861 526 896 dem
545 859 631 897 cum
654 872 788 897 omnes
813 862 1080 899 convenissent
1102 863 1220 911 copiae
1236 891 1246 907 ‚
1270 860 1480 910 caeter-atine
1502 872 1625 911 parata
1645 863 1771 900 forent
1795 894 1807 910 ,
1835 875 1964 900 contra
1987 864 2078 901 Pisa-

436 925 509 950 nos
530 914 635 951 duxit
657 942 669 957 ,
692 913 838 951 habens
860 915 1032 963 peditum
1055 916 1161 965 supra
1184 918 1318 953 decem
1341 916 1458 953 millia
1488 935 1498 961 ς
1531 917 1706 965 equitum
1728 915 1823 954 vero
1845 917 1890 954 ad
1913 924 2078 966 quatuor

434 968 560 1004 millia.
620 969 721 1005 Cum
737 967 795 1005 his
811 969 927 1018 copiis
942 968 987 1006 ad
1008 969 1169 1018 opidum
1192 970 1361 1006 Pecciole
1387 967 1514 1018 primo
1535 989 1545 1015 3
1566 981 1656 1006 mox
1683 971 1776 1006 inde
1803 971 1850 1007 ad
1877 970 2079 1009 Cas'cinam

431 1021 605 1057 constitit.
643 1022 682 1057 ln
700 1018 750 1058 eo
765 1022 854 1059 ioco
867 1024 1025 1060 munitis
1040 1022 1160 1060 castris
1176 1021 1417 1060 occasionem
1437 1021 1540 1060 bene
1558 1025 1732 1071 gerendae
1747 1026 1800 1061 rei
1817 1035 1903 1062 cum
1930 1024 2077 1065 summa

214 1118 218 1123 Ι
272 1118 276 1121 ἡ
430 1075 673 1124 providentia
689 1075 919 1124 expefitabat,
1106 1103 1111 1106 -

174 1119 398 1197 ſsfffx'stww‘
486 1176 488 1178 ι
588 1128 704 1165 Pisani
721 1129 830 1166 castra
844 1129 1009 1168 hostium
1026 1129 1090 1168 sibi
1106 1132 1231 1168 vicina
1246 1131 1440 1168 intuentes
1455 1135 1475 1179 (
1489 1143 1617 1180 neque
1634 1131 1737 1170 enim
1755 1132 1836 1181 plus
1853 1132 2034 1169 distabant
2058 1129 2079 1169 a

222 1177 228 1185 ’
306 1180 311 1186 ”
431 1181 534 1225 Pisis,
552 1178 669 1231 quain
686 1184 857 1221 millibus
876 1183 1046 1233 passuum
1066 1184 1157 1229 sex)
1177 1185 1308 1232 praelio
1326 1187 1530 1222 decernere
1554 1186 1770 1222 statuerunt.
1827 1186 1930 1223 Nam
1948 1187 1983 1222 ὅ(
2009 1188 2078 1224 Po-

430 1238 510 1286 puli
526 1236 733 1274 multitudo
749 1248 827 1274 erat
840 1239 994 1287 ingens,
1012 1237 1213 1287 praesertim
1231 1238 1332 1283 juxta
1352 1239 1489 1277 urbem
1505 1240 1781 1287 pugnatura,&
1797 1240 2084 1278 conductorum

428 1290 606 1339 peditum
623 1289 879 1339 equitumque
893 1302 1030 1328 manus
1045 1319 1055 1335 ,
1070 1291 1313 1328 Florentinos
1330 1291 1505 1340 spernere
1522 1293 1701 1330 consueta
1717 1320 1726 1335 ,
1749 1293 1787 1329 ὅτ.
1811 1292 2008 1341 superioris
2033 1305 2079 1330 ae-
2124 1332 2126 1335 ξ

430 1344 526 1380 statis
542 1345 707 1381 victoriis
728 1344 861 1382 fidens.
914 1345 1059 1381 Aderat
1072 1354 1250 1394 praeterea
1266 1344 1466 1396 Johannes
1486 1346 1619 1394 Augus
1640 1345 1891 1395 peritissimus
1915 1349 1954 1384 <Sc
1979 1348 2080 1384 calli·
2098 1343 2102 1345 ’

431 1396 597 1434 dislimus
615 1398 717 1434 bello
730 1399 817 1434 Dux
832 1427 841 1442 ‚
862 1399 928 1447 qui
945 1398 1052 1448 spem
1075 1410 1211 1437 eorum
1235 1398 1343 1436 valde
1373 1399 1605 1440 sublevabat,
1660 1399 1766 1436 Cum
1790 1399 1885 1449 ergo
1911 1413 2080 1451 pugnare

430 1450 635 1488 statuissent
649 1479 660 1494 ‚
689 1453 822 1501 Augus
840 1449 925 1489 Pisis
938 1447 1100 1501 egressus
1114 1452 1163 1489 ad
1177 1451 1359 1490 Sabinum
1376 1452 1487 1490 castra
1502 1452 1591 1490 fecit
1605 1481 1616 1497 ,
1645 1454 1711 1502 qui
1732 1453 1840 1491 locus
1861 1455 2013 1493 medius
2036 1447 2091 1493 e·x
2124 1447 2127 1458 '

179 1503 399 1549 hunaldi*
427 1516 483 1542 rat
499 1507 600 1544 inter
617 1506 749 1542 urbem
764 1507 800 1542 ὅ(
818 1502 956 1543 hostes.
1010 1504 1126 1543 Ratio
1140 1506 1255 1556 praelii
1271 1507 1432 1549 ineundi
1449 1505 1527 1543 haec
1541 1506 1612 1544 fuit
1641 1518 1649 1541 :
1680 1505 1793 1544 missis
1815 1506 1907 1557 saepe
1924 1507 2015 1546 ante
2034 1522 2075 1547 e-
2125 1500 2127 1509 ⁴

184 1550 274 1577 ‘'ma''
427 1561 596 1608 quiribus
612 1560 659 1596 ad
671 1558 981 1597 Florentinorum
998 1560 1108 1597 castra
1136 1588 1146 1604 ‚
1183 1561 1250 1609 qui
1278 1561 1489 1597 tumultum
1511 1559 1723 1597 suscitarent
1744 1589 1756 1605 ‚
1803 1572 1845 1598 ac
1868 1560 1889 1598 ὲ
1917 1562 2075 1612 vestigio

423 1613 600 1662 fugerent
632 1624 642 1651 ·:
672 1615 711 1650 in
730 1625 815 1651 eam
829 1612 1149 1651 consuetudinem
1164 1613 1351 1652 adducere
1379 1623 1571 1651 curaverat
1584 1642 1595 1658 ‚
1611 1622 1653 1651 ut
1668 1614 1745 1660 jam
1765 1625 1902 1652 eorum
1922 1616 2072 1653 adven-

425 1677 486 1704 tus
501 1665 738 1716 insultusciue
756 1668 1078 1705 contemneretur.
1133 1667 1175 1705 Id
1193 1666 1281 1704 cum
1296 1667 1415 1704 astuto
1433 1666 1590 1704 consilio
1603 1667 1788 1705 assecutus
1802 1668 1897 1705 esset
1909 1697 1920 1715 ‚
1935 1670 2073 1718 Augus

426 1722 583 1758 tandem
597 1721 890 1771 postmeridiano
904 1730 1077 1771 tempore
1093 1719 1225 1759 subito
1240 1720 1448 1771 profestus,
1467 1732 1556 1759 cum
1569 1720 1755 1761 omnibus
1771 1723 1891 1771 copiis
1910 1724 2074 1760 mirabili

174 1792 271 1824 Augus
280 1778 404 1812 florenti..
421 1774 572 1813 silentio
584 1787 627 1812 ac
640 1774 936 1813 dissimulatione
960 1777 1270 1813 Florentinorum
1292 1774 1410 1812 castris
1431 1775 1589 1824 repente
1611 1775 1840 1824 supervenit.
1897 1775 2012 1813 Calor
2033 1788 2072 1814 e-

175 1824 367 1861 nmmcastm
421 1840 475 1867 rat
489 1827 646 1878 ingens,
661 1828 910 1879 militumque
922 1841 1060 1878 magna
1075 1841 1156 1879 pars
1169 1830 1327 1867 inermis
1341 1829 1402 1866 vel
1418 1828 1486 1866 sub
1504 1828 1767 1870 tabernaculis,
1774 1828 1938 1874 jacebat,
1954 1831 2013 1868 vel
2030 1831 2072 1869 in
2125 1851 2127 1856 v

170 1867 338 1907 superwmr.
420 1883 599 1928 flumine,
615 1884 722 1933 quod
739 1884 970 1934 praeterfluit‚
985 1884 1191 1925 lavabatur.
1232 1883 1333 1920 Cura
1354 1881 1450 1920 veto
1476 1891 1540 1920 aut
1563 1881 1719 1931 suspicio
1741 1881 1853 1919 hostis
1876 1883 1982 1920 nulla
2003 1896 2071 1935 per

420 1937 458 1974 id
473 1949 624 1987 tempus
647 1947 733 1975 erat.
790 1939 894 1975 Tum
916 1938 1141 1987 improvisus
1155 1936 1269 1975 hostis
1290 1933 1448 1985 repente
1466 1936 1515 1973 ad
1536 1937 1775 1974 munitiones
1798 1934 1943 1974 delatus
1957 1966 1968 1982 ,
1990 1939 2071 1988 spe.

418 1993 514 2030 ravit
529 1993 655 2042 primo
666 1993 817 2041 impetu
833 1991 942 2029 castra
957 2001 1202 2041 perrumpere
1219 2020 1231 2035 ,
1256 1992 1293 2027 ὅ(
1311 1989 1453 2027 otiosos
1471 1987 1716 2038 inermesque
1732 1991 1960 2040 opprimere.
2015 1992 2073 2029 A-

420 2045 536 2083 retini
555 2047 602 2083 ab
616 2058 660 2083 ea
676 2056 783 2095 parte
805 2046 1005 2083 stationem
1027 2045 1244 2087 habebant,
1262 2046 1348 2092 qui,
1364 2043 1454 2080 licet
1471 2042 1550 2080 tam
1573 2045 1773 2094 repentino
1794 2045 1965 2082 adventu
1985 2057 2068 2095 per-

419 2099 524 2144 culfi,
541 2098 785 2149 nequaquam
802 2099 1007 2144 cesserunt,
1025 2097 1090 2136 sed
1105 2099 1238 2136 armati
1252 2097 1358 2135 simul
1372 2096 1620 2146 inermesque
1637 2096 1709 2134 sese
1725 2097 1822 2135 hosti
1837 2099 2071 2143 objicientes

418 2155 588 2204 primum
602 2155 795 2203 impetum
809 2153 832 2190 s
828 2153 1077 2193 ustinuerunt.
1106 2154 1152 2189 Et
1166 2154 1244 2199 jam
1258 2152 1400 2189 clamor
1415 2150 1580 2188 sublatus
1594 2151 1638 2188 ad
1654 2162 1755 2188 arma
1772 2160 1925 2189 caeteros
1942 2155 2069 2190 conci-

422 2219 502 2244 erat
523 2236 534 2251 ,
571 2205 904 2256 concurrebattjue
925 2205 1143 2244 fortissimus
1167 2209 1328 2255 quisque
1349 2205 1396 2241 ad
1419 2205 1609 2253 impetum
1631 2205 1930 2243 retundendum.
1986 2206 2067 2255 lpse

417 2262 506 2298 Dux
523 2271 628 2298 aetate
645 2260 854 2310 profectus,
871 2258 1101 2310 magnaecjue
1122 2260 1350 2303 autoritatis,
1365 2258 1506 2295 milites
1519 2257 1766 2302 accelerabat,
1782 2258 1819 2294 &
1833 2270 1904 2307 pro
1919 2268 2069 2308 tempo·

169 2322 315 2354 florentini
328 2323 403 2363 hostes
419 2318 466 2352 ris
481 2315 643 2364 angustia
658 2314 892 2351 hortabatur.
950 2314 1054 2351 Cum
1077 2312 1351 2351 concurrissent
1371 2312 1543 2360 undique
1559 2340 1571 2355 ,
1597 2314 1634 2349 ὃ(
1659 2312 1776 2350 robur
1790 2314 1866 2357 jam
1893 2314 2064 2351 virorum

173 2367 322 2393 madum..
333 2371 402 2401 &ss
417 2367 578 2411 adesset,
594 2380 673 2405 non
690 2369 864 2405 contenti
879 2370 1119 2405 munitiones
1135 2366 1363 2408 defendere,
1379 2366 1584 2414 eruptione
1599 2362 1711 2409 fasta,
1722 2364 1845 2402 hostes
1861 2366 2061 2410 invadunt,

167 2406 402 2482 {fssffff'mm'
414 2436 457 2461 ac
474 2425 616 2473 pedem>
630 2421 763 2459 referre
781 2422 1032 2472 compellunt.
1372 2469 1375 2472 ‚
1825 2452 1833 2471 .

552 2476 686 2525 Augus
700 2477 768 2521 ubi
784 2477 947 2524 primam
961 2476 1083 2513 aciem
1100 2485 1233 2515 contra
1246 2484 1359 2524 atque
1374 2474 1384 2510 i
1389 2473 1448 2521 pse
1463 2483 1562 2512 ratus
1579 2481 1673 2518 erat,
1690 2486 1770 2512 non
1787 2471 1985 2524 perrupiffe
1998 2473 2062 2513 sta-

416 2534 568 2568 tionem
588 2529 794 2579 improviso
808 2530 956 2579 impetu
972 2529 1179 2579 conspexit,
1195 2529 1376 2578 paulatim
1390 2527 1599 2565 subducere
1615 2540 1754 2577 agmen
1775 2531 1913 2578 coepit,
1930 2540 1973 2565 ac
1986 2528 2059 2565 sese

416 2587 463 2621 ad
481 2585 664 2621 Sabinum
688 2584 863 2631 recipere.
918 2580 1072 2620 ld‘*vero
1095 2582 1233 2620 tardius
1254 2594 1298 2619 ex
1321 2593 1370 2618 eo
1387 2580 1527 2618 fastum
1541 2608 1553 2624 ,
1577 2583 1684 2629 quod
1707 2584 1870 2619 maxima
1890 2592 1995 2631 pam,
2015 2591 2059 2620 ut

418 2640 534 2686 magis
559 2640 691 2675 lateret
709 2666 720 2681 ‚
747 2649 868 2687 equos
891 2635 1084 2674 dimiserat
1111 2665 1121 2680 ,
1155 2634 1351 2685 pedesque
1384 2644 1540 2672 venerat
1560 2635 1608 2671 ad
1631 2635 1740 2676 castra
1767 2636 2054 2684 perrumpenda.

417 2694 547 2739 ltaque
564 2692 795 2728 abeuntibus
820 2691 885 2739 qui
898 2687 1003 2740 pone
1019 2690 1287 2738 sequebantur,
1306 2690 1424 2738 prima
1443 2690 1539 2725 acies
1555 2687 1666 2725 fraCta
1680 2691 1744 2733 ,δε
1760 2692 1799 2725 in
1824 2689 1953 2738 fugam
1974 2700 2057 2726 ver·

172 2738 279 2776 ''fia‘'
293 2740 402 2777 popalus
418 2746 451 2783 sa
468 2747 643 2782 obruitur
660 2744 680 2780 a
697 2746 849 2787 nostris,
871 2754 914 2781 ac
937 2742 1060 2780 multa
1079 2743 1177 2780 caede
1200 2743 1454 2792 prosternitur.
1508 2741 1675 2779 Maxima
1697 2745 1748 2780 vis
1767 2742 1886 2779 Pisani
1909 2743 2056 2791 Populi,
2103 2755 2107 2784 ς

168 2781 276 2806 ''mm‘'
294 2781 402 2808 ‘mm'
418 2809 551 2849 utpote
566 2798 738 2834 nocendi
754 2799 882 2840 avida,
896 2799 993 2834 circa
1008 2799 1170 2847 primam
1186 2797 1306 2833 fuerat
1321 2797 1444 2832 aciem
1475 2809 1483 2831 ε
1513 2806 1649 2832 eorum
1672 2797 1835 2845 plurima
1855 2795 1948 2833 fasta
1969 2795 2054 2833 stra-

415 2866 500 2902 ges,
513 2854 549 2888 &
568 2853 806 2900 captivorum
821 2860 1005 2889 numerus
1022 2853 1160 2899 ingens
1175 2861 1219 2886 ex
1235 2851 1381 2887 civibus
1396 2848 1534 2886 Pisanis
1552 2847 1634 2885 fuit.
1656 2849 1744 2886 Dux
1757 2850 1804 2886 ab
1819 2849 2057 2898 insequendo

415 2904 567 2954 longius
584 2906 776 2942 continuit
790 2933 801 2948 ,
818 2907 958 2942 veritus
976 2903 1123 2941 infidias
1143 2904 1196 2940 ob
1217 2912 1296 2939 tarn
1317 2903 1560 2940 acceleratam
1581 2901 1745 2939 hostium
1768 2902 1908 2951 fugam.
1964 2900 2056 2939 Caeii

414 2962 453 2996 in
473 2962 591 3008 prima
607 2961 684 2995 acie
704 2958 807 3007 supra
828 2956 1077 3006 oCtingentos
1093 2957 1311 2994 Pisanorum
1325 2985 1335 3000 ,
1366 2956 1463 3005 capti
1478 2956 1522 2991 ad
1537 2955 1616 2990 duo
1636 2956 1762 2992 millia.
1817 2957 1952 3004 Augus
1966 2967 2055 2993 cum

413 3008 569 3061 ‘reliquis
586 3003 723 3060 copiis,
742 3024 825 3061 qua:
839 3013 886 3048 ad
902 3012 1087 3048 Sabinum
1104 3010 1338 3059 refugerant,
1354 3008 1502 3047 desertis
1518 3007 1636 3044 castris
1651 3009 1749 3046 intra
1769 3009 1933 3047 Pisatum
1952 3020 2052 3046 moe-
2072 3037 2094 3062 ff

414 3068 474 3102 nia
490 3065 522 3101 se
540 3068 692 3113 recepit.

548 3119 629 3154 Post
646 3118 722 3154 hoc
738 3119 945 3157 Florentini
962 3111 1116 3166 propius
1132 3115 1223 3154 Pisas
1239 3115 1405 3152 admotis
1424 3115 1560 3163 copiis,
1578 3112 1643 3152 ubi
1658 3123 1780 3152 nemo
1793 3114 1951 3152 obviam
1972 3126 2058 3165 pro-

168 3180 254 3219 vispm·
267 3182 400 3218 captim-
417 3173 541 3214 (libat,
558 3169 659 3207 retro
680 3182 881 3208 moventes
897 3171 1015 3219 signa,
1032 3183 1111 3219 quo
1133 3171 1368 3218 captivorum
1391 3168 1679 3217 impedimentis
1699 3168 1777 3205 sese
1797 3179 2060 3213 exonerarent..

169 3221 267 3248 ‘mbas
285 3222 399 3249 ”adum
417 3225 644 3262 Florentiam
661 3223 818 3260 rediere.
847 3224 963 3261 Pisani
978 3233 1115 3260 ornnes
1134 3225 1230 3271 capti
1244 3223 1289 3258 ad
1305 3221 1553 3270 spectaculum
1569 3221 1702 3271 Populi
1717 3222 1886 3258 curribus
1900 3222 2059 3270 quadra-

167 3269 224 3288 m*
410 3282 519 3328 ginta
534 3287 696 3327 quatuor
709 3289 777 3328 per
792 3278 928 3315 urbem
946 3277 993 3314 de
1001 3277 1114 3325 vesti,
1131 3276 1368 3324 tandemque
1383 3276 1594 3312 carceribus
1615 3276 1757 3313 traditI.
1810 3275 1879 3312 His
1897 3275 2058 3324 persistis

1960 3331 2053 3366 Dux
