2107 3631
1 63 3 78 1

1 103 3 123 s

2 147 3 206 ἦ
364 168 619 207 rissER
727 164 1262 210 uuna-emtus,
1625 181 1691 217 ηρ

2 209 4 273 5
28 237 129 279 Tota
138 243 195 272 res
205 240 333 272 tamen
345 245 458 284 atque
467 243 642 282 coeptum
651 236 773 284 magis
782 234 999 271 Florentini
1010 235 1143 283 Populi
1153 236 1366 279 videbatur,
1425 234 1698 287 Qamobrem

1 315 4 339 j
29 288 297 329 Bononienses
306 288 432 338 palam
446 288 565 338 questi
574 287 675 332 sunt,
691 289 942 336 indignantes
954 286 1104 336 aperte,
1118 289 1225 335 quod
1243 289 1452 326 florentini
1466 291 1589 327 illisin
1600 290 1697 326 locis

2 351 5 378 l
30 343 143 393 opida
151 343 345 390 acquirere
357 343 393 378 δ(
403 340 592 391 possidere
610 341 770 379 vellent:
782 352 825 377 ac
833 340 1005 391 Johanni
1017 341 1151 377 comiti
1169 340 1347 378 adversus
1362 343 1603 380 Florentinos
1614 354 1700 380 non

0 409 5 434 ι
30 394 183 434 occulte
192 395 382 434 favebant.
398 397 502 433 Idem
510 394 701 433 faciebant
709 396 957 434 Ravennates
970 395 1006 430 δ(
1023 394 1245 439 Imolenses,
1259 406 1504 444 nequaquam
1521 407 1698 434 amantes

0 442 5 484 l
31 450 343 488 florentinorum
354 451 608 488 vicinitatem.
733 479 737 486 .

0 511 5 547 ζ
168 504 360 541 Militabat
376 516 442 553 per
455 503 532 540 hoc
541 500 693 553 tempus
702 502 803 552 apud
816 503 1033 541 Galcatium
1042 500 1379 540 Mediolanensem
1395 501 1601 541 Albcricus
1614 505 1700 542 Bar-

0 552 6 608 5
32 557 138 597 biani
154 557 430 605 comes,hujus
458 557 655 609 Johannes
675 558 928 606 propinquus.
954 557 1039 593 Erat
1059 554 1150 594 vero
1165 557 1372 593 Albericus
1393 557 1447 594 vir
1462 568 1646 606 magnus,
1662 559 1701 594 &
1718 559 1952 597 Albericusssaefssd

0 611 6 657 5
33 611 212 662 Princeps
236 613 379 648 militiae
401 612 575 648 Galeatii.
605 611 679 648 Hic
695 609 792 660 ergo
815 612 953 648 dolens
971 611 1087 660 opida
1104 610 1165 647 sua
1180 609 1371 653 obsideri,
1397 621 1663 648 commeatum
1681 610 1702 647 a
1717 609 1955 670 :22222'50'2‘

0 666 5 715 ξ
31 666 210 704 Galeatio
224 667 400 714 petierat,
413 667 451 702 &
466 666 600 703 omnia
614 666 771 716 patabat
787 693 798 708 ,
815 663 916 714 quasi
930 665 979 702 ad
996 676 1114 714 opem
1128 664 1327 701 ferendam
1345 673 1536 702 venturus.
1566 666 1610 703 ld
1627 666 1700 703 Ga·
1717 679 1861 718 auopme.
1896 653 1913 669 ⁴
1942 657 1954 681 Ἴ

0 719 6 770 5
31 720 166 758 leatius
188 732 256 769 per
276 730 471 757 oratorem
494 719 605 757 suum
627 720 857 757 Florentinis
885 718 1184 756 denunciaverat
1199 747 1209 762 ‚
1239 730 1314 755 nec
1330 718 1366 755 se
1383 729 1582 757 continere
1595 719 1701 770 poss'e

0 772 7 820 ,ἡ
32 775 261 812 Albericum
278 773 511 817 ostenderat,
525 786 605 823 quo
621 775 748 811 minus
764 773 812 811 ad
830 772 1043 810 succursum
1063 772 1204 810 domus
1222 771 1293 809 suae
1311 774 1472 817 veniret,
1526 773 1613 811 Hoc
1629 775 1700 823 igi-

0 831 8 898 5
33 836 96 865 tur
110 829 278 872 nuncio,
295 830 332 864 ὅ(
347 826 455 865 simul
469 828 738 877 indignatione
754 826 1064 865 Bononiensium
1078 855 1088 871 ‚
1106 828 1144 863 ὅ(
1162 827 1270 875 quod
1287 827 1365 872 jam
1392 825 1473 862 satis
1494 839 1702 876 poenarum
1718 821 1961 869 Florentiniobfidi*

0 888 8 915 ,ἢ
32 881 97 919 ille
113 883 271 919 dederat
285 882 487 931 proterviae
504 882 593 926 suae,
610 881 853 919 obsidionem
869 880 1001 931 sponte
1021 878 1084 918 sua
1101 882 1311 919 Florentini
1333 879 1601 918 dissolverunt.
1658 883 1701 919 In
1719 862 1960 899 ‘memd'ss’m‘m

30 935 256 985 ⁴reductione
273 934 367 973 vero
383 934 538 985 aggressi
552 936 654 981 sunt,
675 936 938 973 Castrocarum
953 934 1139 974 obsidete.
1171 936 1349 971 Tenebat
1363 935 1401 970 id
1416 934 1576 984 opidum
1592 936 1702 973 Tho·
1720 953 1963 993 castromumobst

33 1001 114 1028 mas
131 991 289 1040 quidam
303 991 523 1034 Novimus,
541 989 562 1026 ὲ
581 990 765 1028 Pontifice
782 989 848 1027 fibi
868 990 1020 1026 dudum
1043 991 1084 1025 in
1101 989 1313 1026 custodiam
1337 988 1522 1026 traditum
1546 1003 1554 1026 :
1577 990 1705 1028 Postea
1720 995 1811 1022 detur·
1920 1032 1925 1037 ,

0 1069 3 1088 ,
32 1054 193 1082 mortuo
223 1042 410 1081 Pontifice
439 1043 591 1094 propria
615 1045 818 1081 autoritate
840 1053 1048 1082 retentum.
1114 1045 1186 1080 Hic
1206 1044 1416 1080 amicitiam
1439 1042 1588 1081 habens
1614 1057 1705 1082 cum
1722 1034 1837 1063 ''hm“
1850 1036 1960 1071 N''‘'⁴¹

0 1096 3 1147 ξ
31 1097 265 1136 florentinis
281 1127 290 1143 ,
305 1109 348 1135 ac
366 1099 517 1135 illorum
539 1099 677 1148 opibus
703 1097 796 1148 saepe
821 1098 995 1136 defensus
1010 1126 1021 1141 ,
1048 1098 1208 1134 tandem
1223 1099 1262 1134 in
1291 1096 1511 1134 sermonem
1536 1109 1707 1145 venerat,
1720 1084 1785 1105 ’Μ’

2 1166 7 1206 j
31 1153 203 1203 opidum
216 1153 289 1190 illis
305 1152 496 1189 tradendi.
552 1153 645 1189 Non
668 1153 904 1202 negligenda
920 1165 977 1190 res
995 1152 1069 1190 visa
1092 1152 1240 1197 fuerat,
1255 1149 1317 1188 sed
1335 1150 1416 1199 quo
1448 1150 1588 1189 abesset
1611 1165 1708 1202 que-

34 1207 139 1250 tela,
161 1206 248 1244 ante
263 1208 396 1243 omnia
418 1205 440 1242 a
461 1208 639 1243 Romana
655 1207 755 1244 Sede
772 1209 867 1244 illud
891 1209 1094 1256 impetrare
1119 1207 1317 1256 placuerat.
1384 1205 1426 1242 Id
1452 1204 1539 1242 cum
1563 1206 1709 1246 fastum

35 1259 147 1305 esset,
161 1259 337 1310 possessor
352 1261 481 1309 opidi,
500 1260 574 1298 sive
591 1260 825 1310 poenitentia
841 1261 994 1304 duetus,
1013 1260 1086 1298 slve
1104 1261 1211 1309 quod
1227 1272 1308 1297 non
1325 1267 1517 1310 quantum
1534 1259 1710 1310 sperabat

34 1316 286 1364 pecuniarum
302 1312 366 1352 fibi
385 1315 622 1364 tradebatur,
640 1315 770 1352 relicta
787 1312 1281 1352 Florentinorumamicitifi
1296 1342 1306 1357 ‚
1327 1315 1364 1350 ὃς
1381 1316 1608 1364 propinquis
1629 1317 1704 1366 Ty·

36 1368 167 1407 tannis
184 1370 466 1412 reconciliatus,
480 1370 646 1418 opidum
662 1371 700 1407 in
720 1370 903 1419 potestate
920 1368 981 1405 sua
999 1370 1281 1406 contumaciter
1295 1369 1500 1405 retinebat.

169 1422 237 1459 His
252 1423 368 1472 igitur
382 1424 513 1472 aliquo
534 1432 709 1474 tempore
726 1422 959 1461 dissimulatis
975 1452 986 1467 ,
1014 1423 1175 1460 tandem
1199 1435 1287 1459 cum
1311 1423 1381 1459 illis
1405 1425 1445 1459 in
1470 1423 1566 1459 locis
1591 1426 1711 1473 copiae

5 1498 8 1509 ι
35 1474 179 1522 essent,
196 1489 278 1525 quae
296 1476 316 1513 a
330 1477 520 1515 Bai-biano
535 1479 735 1522 redibant,
755 1479 966 1515 florentini
985 1479 1316 1527 opportunitatem
1335 1476 1580 1525 praesentium
1598 1479 1711 1526 copi-

37 1541 169 1568 tar-um
187 1529 302 1568 secuti
321 1530 766 1570 Castrocarumobsidere
779 1532 1067 1570 constituerunt.
1122 1529 1386 1581 Repenteque
1406 1533 1507 1568 circa
1529 1531 1626 1569 illud
1641 1543 1712 1581 po·

5 1597 10 1626 ;·
38 1582 115 1621 fitis
130 1584 268 1631 castris,
285 1583 505 1635 magnaque
521 1585 742 1636 vipeditum
756 1585 936 1630 evocata,
952 1586 1119 1636 opidum
1134 1586 1308 1634 undique
1327 1585 1546 1630 cinxerunt,
1565 1586 1602 1623 ὃ(
1618 1597 1710 1635 prae-
1727 1610 1831 1652 ,φῖ

6 1649 9 1683 j
37 1637 130 1676 sidia
144 1648 281 1677 contra
294 1640 390 1676 illud
409 1640 509 1684 duo,
527 1652 618 1690 quas
633 1641 766 1679 Bastias
786 1641 906 1691 vulgo
921 1641 1135 1691 appellant,
1155 1641 1406 1684 munierunt,
1425 1640 1468 1676 in
1485 1639 1623 1688 quibus
1640 1652 1712 1689 po-
1817 1633 1830 1646 ⁶

2 1695 10 1722 ’ἓ
37 1690 97 1730 fiti
114 1693 254 1731 milites
267 1692 511 1732 obsidionem
529 1696 729 1744 urgebant.
786 1696 897 1733 Hanc
920 1706 1078 1746 quoque
1101 1692 1348 1732 obsidionem
1374 1691 1631 1731 molestissime
1649 1703 1712 1733 tu-

42 1749 172 1783 lerunt
185 1747 470 1793 Bonon1enses,
487 1748 744 1798 usqueadeo,
759 1758 802 1786 ut
818 1750 969 1798 Legatis
986 1750 1297 1787 Florentinorum
1319 1757 1414 1785 tunc
1429 1749 1618 1785 Bononiae
1635 1750 1714 1786 exi-

40 1799 229 1838 stentibus
244 1802 442 1839 edicerent
456 1831 465 1845 ,
482 1814 564 1840 non
581 1802 655 1840 effe
672 1802 864 1853 passurum
886 1803 1179 1840 Bononiensem
1200 1803 1388 1852 Populum
1406 1832 1416 1848 ‚
1440 1812 1480 1839 ut
1502 1802 1715 1842 Florentini

41 1853 84 1890 in
107 1855 288 1894 Flaminia
304 1857 552 1894 dominatum
572 1861 770 1906 acquirant
795 1871 803 1894 :
829 1857 913 1895 satis
930 1858 1004 1895 illis
1027 1858 1247 1895 Hetruriam
1262 1855 1333 1894 effe
1357 1858 1511 1894 debere.
1568 1857 1716 1894 Foroli-

38 1908 189 1946 vienses
209 1907 303 1947 vero
320 1909 484 1947 maxime
498 1911 575 1948 hoc
589 1911 910 1961 indignabantur,
920 1912 1107 1960 quoniam
1122 1913 1163 1948 in
1174 1911 1363 1951 vestibulo
1377 1908 1476 1961 pene
1488 1911 1568 1955 ejus
1584 1912 1617 1947 ci
1625 1912 1715 1949 vita-

39 1961 91 1998 tis
108 1961 147 1999 id
165 1964 331 2013 opidum
346 1965 396 2002 est
418 1964 530 2003 situm
545 1994 556 2011 ‚
580 1965 753 2014 nectam
777 1967 1038 2017 propinquam
1060 1966 1372 2003 Florentinorum
1395 1965 1615 2015 potentiam
1635 1963 1716 2004 fine
1773 1983 1775 1985 ·

40 2013 204 2054 horrore
221 2020 443 2056 cernebant.
1139 2016 1145 2019 ’

185 2071 366 2121 Denique
384 2074 600 2111 vicinorum
615 2075 796 2111 omnium
813 2085 879 2124 par
894 2083 972 2113 crat
991 2074 1228 2123 indignatio,
1244 2072 1499 2123 praeterquam
1514 2072 1718 2112 Faventini

12 2124 14 2131 ’
41 2123 212 2176 Astorgii
227 2155 238 2170 ,
260 2128 327 2176 qui
343 2127 469 2164 favere
484 2128 632 2178 Populo
648 2129 934 2165 Florentino&
958 2130 997 2165 in
1022 2128 1098 2165 hoc
1124 2130 1161 2165 ὅ(
1177 2131 1217 2165 in
1246 2130 1391 2165 caetcris
1415 2139 1482 2177 per
1503 2127 1543 2164 id
1564 2137 1719 2177 tempus

43 2178 261 2218 videbatur.
316 2182 368 2218 Ex
391 2181 467 2219 hoc
490 2191 686 2232 apparatus
710 2183 788 2229 jam
810 2181 977 2227 fiebant,
1001 2182 1244 2232 conspirante
1271 2179 1444 2219 universa
1465 2179 1647 2218 Flaminia
1669 2180 1720 2219 ad

46 2232 294 2272 obsidionem
309 2236 526 2273 tollendam
541 2264 552 2280 ‚
572 2235 793 2286 magnaque
816 2237 995 2285 equitum
1017 2238 1173 2285 agmina
1195 2249 1238 2273 ex
1260 2249 1353 2285 agro
1378 2237 1519 2273 Piceno
1541 2233 1721 2284 locisque

6 2285 16 2327 ἐ
47 2285 129 2323 aliis
145 2290 421 2331 evocabantur.
451 2292 548 2342 Qoe
562 2289 653 2327 cum
668 2291 829 2328 tandem
847 2291 892 2328 ad
912 2291 1053 2328 Forum
1072 2291 1168 2328 Livii
1196 2289 1466 2328 convenissent
1481 2319 1491 2334 ‚
1507 2301 1551 2326 ac
1572 2290 1721 2338 pedita-

13 2331 15 2349 ¹
51 2349 115 2377 tus
133 2353 177 2379 ex
191 2343 335 2381 cunffis
351 2344 541 2380 Flaminiae
554 2344 675 2394 opidis
689 2342 790 2394 pene
805 2347 1016 2382 innumeris
1041 2345 1236 2394 equitibus
1259 2345 1485 2393 jungeretur
1499 2372 1510 2387 ‚
1529 2344 1724 2392 magnitu-

0 2416 1 2419 =
53 2396 149 2433 dine
164 2407 357 2446 copiatum
374 2399 638 2448 deterriti,qui
652 2399 773 2437 castris
789 2400 1102 2436 Florentinorum
1114 2398 1451 2448 praeerant,reliCtis
1466 2399 1564 2435 circa
1579 2398 1612 2435 C
1615 2397 1724 2435 astro-

50 2461 184 2488 carum
199 2451 352 2488 duobus
370 2450 559 2502 praefidiis,
574 2464 665 2490 cum
681 2464 799 2491 manu
813 2454 983 2491 militum
997 2481 1008 2496 ,
1035 2454 1102 2502 qui
1119 2464 1164 2490 ea
1186 2451 1350 2503 praesidia
1367 2462 1566 2489 tuerentur
1581 2480 1592 2496 ‚
1609 2463 1720 2490 caete-

50 2516 133 2542 ram
148 2515 313 2547 omnem
331 2506 619 2543 multitudinem
642 2507 888 2545 Mutilianam
908 2508 1155 2544 reduxerunt.
1192 2507 1325 2544 Hostes
1347 2515 1477 2544 autem
1501 2509 1721 2551 venientes,

52 2570 298 2608 quaecunque
314 2559 467 2597 obseffis
484 2561 661 2605 deerant,
677 2562 894 2600 intulerunt
908 2591 918 2607 ,
935 2563 973 2598 &
992 2559 1156 2610 praesidia
1172 2571 1306 2598 contra
1324 2561 1485 2610 opidum
1501 2561 1652 2597 munita
1667 2561 1722 2598 vi-

55 2625 102 2651 ce
125 2611 234 2651 versa
253 2612 498 2651 obsederunt.
529 2618 581 2652 lta
597 2627 725 2664 neque
742 2626 937 2652 maturum
949 2643 961 2659 ,
982 2627 1112 2664 neque
1129 2615 1215 2652 satis
1237 2614 1520 2652 consideratum
1536 2613 1724 2652 Castroca-

17 2709 19 2715 ,
55 2668 88 2706 ti
104 2677 279 2716 coeptum
295 2677 389 2704 tunc
406 2666 523 2705 finem
547 2668 682 2706 habuit
702 2681 786 2706 non
810 2679 1095 2719 congruentem
1117 2668 1259 2706 honori
1283 2670 1457 2706 civitatis.
1498 2669 1592 2705 Non
1615 2669 1725 2705 enim

58 2720 208 2765 solenni
229 2721 508 2759 deliberatione
529 2722 720 2761 obsessum
742 2723 864 2760 fuerat
882 2724 1049 2773 opidum
1071 2736 1079 2758 :
1102 2724 1167 2760 sed
1190 2725 1483 2774 opportunitate
1507 2724 1725 2772 copiarum,

2 2781 5 2783 ·
27 2804 31 2807 a
58 2786 146 2823 qua:
158 2775 245 2815 tum
259 2777 300 2812 in
316 2775 497 2813 Flaminia
514 2786 619 2820 erant
634 2805 644 2822 ,
658 2776 762 2825 quasi
784 2787 887 2814 extra
910 2777 1149 2827 propositum
1175 2777 1392 2827 susceptum
1419 2776 1541 2814 fuerat
1563 2777 1722 2815 bellum.
1740 2803 1982 2844 revitatemonst·

56 2833 183 2880 Itaque
195 2827 382 2867 levitatem
396 2828 527 2878 coffilii
537 2842 606 2866 non
621 2827 727 2868 honus
739 2833 856 2868 exitus
872 2829 978 2869 brevi
995 2829 1191 2883 redarguit.
1231 2832 1275 2868 Et
1299 2832 1446 2869 bellum
1467 2830 1626 2880 quidem
1650 2830 1722 2867 Ca·
1738 2845 1826 2873 hino„
1837 2845 1970 2873 bonusa-

17 2881 20 2887 ’
59 2881 212 2921 sttocari
225 2883 554 2921 intercedentibus
567 2885 728 2922 Venetis
744 2885 964 2934 caeterisque
978 2888 1110 2923 amicis
1127 2895 1220 2922 tunc
1238 2884 1455 2934 depositum
1473 2884 1524 2922 est
1536 2912 1548 2927 ‚
1564 2882 1720 2934 praefidi-
1736 2885 1945 2922 ‘'tund‘'gusf·
1985 2923 1990 2931 ,

18 2953 21 2966 2
58 2934 162 2984 aque
178 2939 273 2973 circa
287 2938 446 2984 opidum
461 2938 481 2974 a
505 2939 733 2975 Florentinis
755 2941 998 2977 communita
1016 2942 1058 2978 in
1082 2939 1263 2977 manibus
1287 2940 1473 2977 Francisci
1496 2937 1723 2976 Catarienfis
1738 2922 1989 2995 Ze‘uztssstmm

14 2991 21 3033 Ξ
59 2989 244 3040 deposita.
302 2989 442 3029 Haecin
461 2993 647 3030 Flaminia
657 3004 707 3029 eo
721 3004 826 3029 anno
838 2993 950 3041 gesta.
1768 2973 1786 3004 p
1881 2980 1890 3001 ⁹

194 3046 238 3081 ln
254 3044 428 3082 Hetruria
444 3045 535 3083 vero
551 3049 700 3095 equites
717 3047 786 3089 illi,
799 3049 864 3095 qui
876 3046 1112 3095 Gargonsam
1127 3047 1365 3091 dimiserant,
1377 3046 1478 3085 haud
1499 3043 1626 3084 multo
1641 3044 1739 3096 post*

57 3099 263 3148 repentino
279 3100 428 3147 impetu
442 3099 629 3137 Lucenses
646 3099 876 3137 invaserunt.
932 3101 1084 3139 Factum
1103 3100 1178 3138 hoc
1195 3100 1268 3138 effe
1286 3099 1404 3150 opera
1418 3101 1554 3153 Jacobi
1577 3100 1721 3151 Appia-

18 3153 21 3174 *
56 3151 183 3190 nenfis
198 3151 451 3189 existimatum
463 3153 718 3202 est‚cupientis
728 3155 872 3192 Lucam
894 3167 1053 3204 quoque
1069 3156 1234 3204 imperio
1244 3155 1313 3192 suo
1328 3155 1555 3204 adjungere.
1572 3155 1723 3191 Floren-
1849 3197 1855 3205 Ι
1881 3197 1886 3203 p
1990 3200 1993 3204 Δ

55 3207 126 3242 tini
137 3203 230 3243 vero
240 3205 395 3244 ubihaec
407 3205 625 3251 senserunt,
642 3208 761 3245 statim
772 3218 963 3257 quantum
979 3209 1178 3246 habebant
1187 3209 1297 3246 domi
1313 3210 1599 3247 conductorum
1613 3209 1721 3257 equi·
1738 3197 1994 3269 ’'2⁰'‘”m'4lfm’i

18 3275 23 3286 =
55 3259 792 3311 tum‚1’isc1am-miseruntzquodopidum
803 3274 882 3300 non
892 3264 1054 3312 amplius
1065 3261 1454 3312 distataLuca‚quain
1473 3264 1569 3300 dece
1583 3237 1885 3318 millibsffi‘ssuzr
1906 3250 1926 3269 ⁴

18 3309 23 3352 l
52 3311 889 3368 paffufi,eaq;auxiliaobtulerfitLucefiw,ac
903 3329 971 3368 per
979 3315 1127 3369 Legatfi
1149 3317 1293 3356 hortati
1303 3317 1481 3358 suntillos
1493 3317 1726 3355 adlibertate

16 3353 24 3414 i
1576 3368 1732 3415 conser-
